@misc{towardsdatascienceMachineLearning,
	author = {Victor Zhou},
	title = {{M}achine {L}earning for {B}eginners: {A}n {I}ntroduction to {N}eural {N}etworks --- towardsdatascience.com},
	year = {},
	note = {[Accessed 26-Apr-2023]},
}
@misc{ibmWhatSupervised,
	author = {},
	title = {{W}hat is {S}upervised {L}earning? | {I}{B}{M} --- ibm.com},
	howpublished = {\url{https://www.ibm.com/topics/supervised-learning}},
	year = {},
	note = {[Accessed 26-Apr-2023]},
}
@article{samuel1959some,
  title={Some studies in machine learning using the game of checkers},
  author={Samuel, Arthur L},
  journal={IBM Journal of research and development},
  volume={3},
  number={3},
  pages={210--229},
  year={1959},
  publisher={IBM}
}
@misc{towardsdatascienceDeepDive,
	author = {Juras Juršėnas},
	title = {{A} {D}eep {D}ive into {C}urve {F}itting for {M}{L} --- towardsdatascience.com},
	howpublished = {\url{https://towardsdatascience.com/a-deep-dive-into-curve-fitting-for-ml-7aeef64755d2}},
	year = {},
	note = {[Accessed 23-Apr-2023]},
}
@misc{wolframPadApproximant,
	author = {},
	title = {{P}adé {A}pproximant -- from {W}olfram {M}ath{W}orld --- mathworld.wolfram.com},
	howpublished = {\url{https://mathworld.wolfram.com/PadeApproximant.html}},
	year = {},
	note = {[Accessed 23-Apr-2023]},
}
@misc{wikipediaPadApproximant,
	author = {},
	title = {{P}adé approximant - {W}ikipedia --- en.wikipedia.org},
	howpublished = {\url{https://en.wikipedia.org/wiki/Pad%C3%A9_approximant}},
	year = {},
	note = {[Accessed 23-Apr-2023]},
}
@misc{TaylorSeries,
	author = {Francis Benistant},
	title = {{T}aylor {S}eries, {P}ade {A}pproximants, and {N}eural {N}etworks --- 2020machinelearning},
	howpublished = {\url{https://medium.com/@2020machinelearning}},
	year = {},
}
@article{deringer2021gaussian,
  title={Gaussian process regression for materials and molecules},
  author={Deringer, Volker L and Bart{\'o}k, Albert P and Bernstein, Noam and Wilkins, David M and Ceriotti, Michele and Cs{\'a}nyi, G{\'a}bor},
  journal={Chemical Reviews},
  volume={121},
  number={16},
  pages={10073--10141},
  year={2021},
  publisher={ACS Publications}
}
@article{George_2018,
	doi = {10.1016/j.physletb.2017.12.053},
	url = {https://doi.org/10.1016%2Fj.physletb.2017.12.053},
	year = 2018,
	month = {mar},
	publisher = {Elsevier {BV}
},
	volume = {778},
	pages = {64--70},
	author = {Daniel George and E.A. Huerta},
	title = {Deep Learning for real-time gravitational wave detection and parameter estimation: Results with Advanced {LIGO} data},
	journal = {Physics Letters B}
}
@article{Hinners_2018,
	doi = {10.3847/1538-3881/aac16d},
  
	url = {https://doi.org/10.3847%2F1538-3881%2Faac16d},
  
	year = 2018,
	month = {jun},
  
	publisher = {American Astronomical Society},
  
	volume = {156},
  
	number = {1},
  
	pages = {7},
  
	author = {Trisha A. Hinners and Kevin Tat and Rachel Thorp},
  
	title = {Machine Learning Techniques for Stellar Light Curve Classification},
  
	journal = {The Astronomical Journal}
}
@misc{v7labsActivationFunctions,
	author = {},
	title = {{A}ctivation {F}unctions in {N}eural {N}etworks [12 {T}ypes {U}se {C}ases] --- v7labs.com},
	howpublished = {\url{https://www.v7labs.com/blog/neural-networks-activation-functions}},
	year = {},
	note = {[Accessed 23-Apr-2023]},
}
@inproceedings{Rokach2014DataMW,
  title={Data Mining with Decision Trees - Theory and Applications. 2nd Edition},
  author={Lior Rokach and Oded Maimon},
  booktitle={Series in Machine Perception and Artificial Intelligence},
  year={2014}
}
@book{shalev2014understanding,
  title={Understanding machine learning: From theory to algorithms},
  author={Shalev-Shwartz, Shai and Ben-David, Shai},
  year={2014},
  publisher={Cambridge university press}
}
@misc{ibmWhatDecision,
	author = {},
	title = {{W}hat is a {D}ecision {T}ree | {I}{B}{M} --- ibm.com},
	howpublished = {\url{https://www.ibm.com/uk-en/topics/decision-trees}},
	year = {},
	note = {[Accessed 23-Apr-2023]},
}
@misc{scikitlearn110Decision,
	author = {},
	title = {1.10. {D}ecision {T}rees --- scikit-learn.org},
	howpublished = {\url{https://scikit-learn.org/stable/modules/tree.html#:~:text=Decision%20Trees%20(DTs)%20are%20a,as%20a%20piecewise%20constant%20approximation}},
	year = {},
	note = {[Accessed 23-Apr-2023]},
}
@article{quinlan1986induction,
  title={Induction of decision trees},
  author={Quinlan, J. Ross},
  journal={Machine learning},
  volume={1},
  pages={81--106},
  year={1986},
  publisher={Springer}
}
### Gaussian Processes
@article{perger2021auto,
  title={Auto-correlation functions of astrophysical processes, and their relation to Gaussian processes-Application to radial velocities of different starspot configurations},
  author={Perger, Manuel and Anglada-Escud{\'e}, Guillem and Ribas, Ignasi and Rosich, Albert and Herrero, Enrique and Morales, Juan Carlos},
  journal={Astronomy \& Astrophysics},
  volume={645},
  pages={A58},
  year={2021},
  publisher={EDP Sciences}
}
@Article{RePEc:eee:transb:v:146:y:2021:i:c:p:88-110,
  author={Yuan, Yun and Zhang, Zhao and Yang, Xianfeng Terry and Zhe, Shandian},
  title={{Macroscopic traffic flow modeling with physics regularized Gaussian process: A new insight into machine learning applications in transportation}},
  journal={Transportation Research Part B: Methodological},
  year=2021,
  volume={146},
  number={C},
  pages={88-110},
  month={},
  keywords={Macroscopic traffic flow model; Physics regularized machine learning; Multivariate Gaussian process;},
  doi={10.1016/j.trb.2021.02.007},
  url={https://ideas.repec.org/a/eee/transb/v146y2021icp88-110.html}
}
@article{pedregosa2011scikit,
  title={Scikit-learn: Machine learning in Python},
  author={Pedregosa, Fabian and Varoquaux, Ga{\"e}l and Gramfort, Alexandre and Michel, Vincent and Thirion, Bertrand and Grisel, Olivier and Blondel, Mathieu and Prettenhofer, Peter and Weiss, Ron and Dubourg, Vincent and others},
  journal={the Journal of machine Learning research},
  volume={12},
  pages={2825--2830},
  year={2011},
  publisher={JMLR. org}
}

### PINN

@ARTICLE{2019JCoPh.378..686R,
       author = {{Raissi}, M. and {Perdikaris}, P. and {Karniadakis}, G.~E.},
        title = "{Physics-informed neural networks: A deep learning framework for solving forward and inverse problems involving nonlinear partial differential equations}",
      journal = {Journal of Computational Physics},
     keywords = {Data-driven scientific computing, Machine learning, Predictive modeling, Runge-Kutta methods, Nonlinear dynamics},
         year = 2019,
        month = feb,
       volume = {378},
        pages = {686-707},
          doi = {10.1016/j.jcp.2018.10.045},
       adsurl = {https://ui.adsabs.harvard.edu/abs/2019JCoPh.378..686R},
      adsnote = {Provided by the SAO/NASA Astrophysics Data System}
}
@misc{benmoseleyWhatPhysicsinformed,
	author = {Me},
	title = {{S}o, what is a physics-informed neural network? - {B}en {M}oseley --- benmoseley.blog},
	howpublished = {\url{https://benmoseley.blog/my-research/so-what-is-a-physics-informed-neural-network/}},
	year = {},
	note = {[Accessed 23-Apr-2023]},
}
@article{karniadakis2021physics,
  title={Physics-informed machine learning},
  author={Karniadakis, George Em and Kevrekidis, Ioannis G and Lu, Lu and Perdikaris, Paris and Wang, Sifan and Yang, Liu},
  journal={Nature Reviews Physics},
  volume={3},
  number={6},
  pages={422--440},
  year={2021},
  publisher={Nature Publishing Group UK London}
}

@article{conduit2017design,
  title={Design of a nickel-base superalloy using a neural network},
  author={Conduit, BD and Jones, Nick G and Stone, Howard J and Conduit, Gareth John},
  journal={Materials \& Design},
  volume={131},
  pages={358--365},
  year={2017},
  publisher={Elsevier}
}

@article{reza2021galaxy,
  title={Galaxy morphology classification using automated machine learning},
  author={Reza, Moonzarin},
  journal={Astronomy and Computing},
  volume={37},
  pages={100492},
  year={2021},
  publisher={Elsevier}
}

@article{rodirguezarticle,
author = {Rodríguez, José‐Víctor and Rodríguez‐Rodríguez, Ignacio and Woo, Wai Lok},
year = {2022},
month = {08},
pages = {},
title = {On the application of machine learning in astronomy and astrophysics: A text‐mining‐based scientometric analysis},
volume = {12},
journal = {Wiley Interdisciplinary Reviews: Data Mining and Knowledge Discovery},
doi = {10.1002/widm.1476}
}

@misc{zooniverseZooniverse,
	author = {},
	title = {{Z}ooniverse --- zooniverse.org},
	howpublished = {\url{https://www.zooniverse.org/projects/zookeeper/galaxy-zoo/}},
	year = {},
	note = {[Accessed 25-Apr-2023]},
}